@book{skogestad2005multivariable,
  title={Multivariable Feedback Control: Analysis and Design},
  author={Skogestad, S. and Postlethwaite, I.},
  isbn={9780470011676},
  lccn={2005043674},
  url={https://books.google.no/books?id=3dxSAAAAMAAJ},
  year={2005},
  publisher={Wiley}
}
@book{balchen2003reguleringsteknikk,
  title={Reguleringsteknikk},
  author={Balchen, J.G. and Andresen, T. and Foss, B.A.},
  isbn={8247151472},
  year={2003},
  publisher={Intitutt for teknisk kybernetikk, NTNU}
}

